@misc{B01,
	author = {AWS},
	title = {TECNOLOGÍA DE LA INFORMACIÓN - LENGUAJES DE BASES DE DATOS - SQL - PARTE 2: FUNDACIÓN (SQL / FUNDACIÓN)},
	year = {ne},
	howpublished = {Recuperado de  https://www.iso.org/standard/26197.html/}},
	
}
@misc{B02,
	author = {AWS},
	title = {Documentación de PostgreSQL sobre el tipo booleano},
	year = {ne},
	howpublished = {Recuperado de  https://www.postgresql.org/docs/current/datatype-boolean.htmll/}},
	
}

@misc{B03,
	author = {AWS},
	title = {Software de gestión de información de IBM para z / OS Centro de información de soluciones" },
	year = {ne},
	howpublished = {Recuperado de https://www.ibm.com/support/knowledgecenter/SSEPEK_10.0.0/home/src/tpc/db2z_10_prodhome.htmlll/}},
	
}